<?xml version="1.0" encoding="UTF-8" ?>
<collection xmlns:xsi="http://www.w3.org/2001/XMLSchema-instance"
    xsi:schemaLocation="http://www.loc.gov/MARC21/slim
        http://www.loc.gov/standards/marcxml/schema/MARC21slim.xsd"
    xmlns="http://www.loc.gov/MARC21/slim">
<record>
  <leader>00242cam a2200457 ia4500</leader>
  <controlfield tag="001">b12373722</controlfield>
  <controlfield tag="003">LeBAU</controlfield>
  <controlfield tag="005">20180312</controlfield>
  <controlfield tag="008">970302m19551956ua            ||0 0 ara d</controlfield>
  <datafield tag="035" ind1=" " ind2=" ">
    <subfield code="a">ocn784287689</subfield>
  </datafield>
  <datafield tag="040" ind1=" " ind2=" ">
    <subfield code="a">LEAUB</subfield>
    <subfield code="b">ara</subfield>
    <subfield code="e">rda</subfield>
    <subfield code="c">LEAUB</subfield>
    <subfield code="d">LEAUB</subfield>
  </datafield>
  <datafield tag="082" ind1="0" ind2="4">
    <subfield code="a">297.4</subfield>
    <subfield code="2">23</subfield>
  </datafield>
  <datafield tag="100" ind1="1" ind2=" ">
    <subfield code="6">880-01</subfield>
    <subfield code="a">Daḥlān, Iḥsān Muḥammad,</subfield>
    <subfield code="e">author.</subfield>
  </datafield>
  <datafield tag="245" ind1="1" ind2="0">
    <subfield code="6">880-02</subfield>
    <subfield code="a">Sirāj al-ṭālibīn /</subfield>
    <subfield code="c">sharḥ al-Shaykh Iḥsān Muḥammad Daḥlān al-Jamfasī al-Kadīrī ʻalá Minhāj al-ʻĀbidīn ilá jannat rabb al-ʻālamīn, lil-imām ḥujjat al-Islām Abī Ḥāmid Muḥammad ibn Muḥammad al-Ghazālī, al-mutawaffá sanat 505 H.</subfield>
  </datafield>
  <datafield tag="250" ind1=" " ind2=" ">
    <subfield code="6">880-03</subfield>
    <subfield code="a">al-Ṭabʻah al-ūlá.</subfield>
  </datafield>
  <datafield tag="264" ind1=" " ind2="1">
    <subfield code="6">880-04</subfield>
    <subfield code="a">Miṣr :</subfield>
    <subfield code="b">Sharikat Maktabat wa-Maṭbaʻat Muṣṭafá al-Bābī al-Ḥalabī wa-Awlāduh,</subfield>
    <subfield code="c">1374-1375 H. = 1955-1956 M.</subfield>
  </datafield>
  <datafield tag="300" ind1=" " ind2=" ">
    <subfield code="6">880-05</subfield>
    <subfield code="a">2 volumes ;</subfield>
    <subfield code="c">24 cm</subfield>
  </datafield>
  <datafield tag="336" ind1=" " ind2=" ">
    <subfield code="a">text</subfield>
    <subfield code="b">txt</subfield>
    <subfield code="2">rdacontent</subfield>
  </datafield>
  <datafield tag="337" ind1=" " ind2=" ">
    <subfield code="a">unmediated</subfield>
    <subfield code="b">n</subfield>
    <subfield code="2">rdamedia</subfield>
  </datafield>
  <datafield tag="338" ind1=" " ind2=" ">
    <subfield code="a">volume</subfield>
    <subfield code="b">nc</subfield>
    <subfield code="2">rdacarrier</subfield>
  </datafield>
  <datafield tag="500" ind1=" " ind2=" ">
    <subfield code="a">"تمتاز هذه الطبعة بوضع كتاب منهاج العابدين مضبوطاً بالشكل الكامل بأعلا الصحائف."</subfield>
  </datafield>
  <datafield tag="583" ind1="0" ind2=" ">
    <subfield code="a">مرمم (الجزء 2)</subfield>
    <subfield code="c">20140930</subfield>
  </datafield>
  <datafield tag="600" ind1="0" ind2="4">
    <subfield code="a">الغزالي،</subfield>
    <subfield code="d">1058-1111.</subfield>
    <subfield code="t">منهاج العابدين الى جنة رب العالمين.</subfield>
  </datafield>
  <datafield tag="600" ind1="0" ind2="0">
    <subfield code="a">Ghazzālī,</subfield>
    <subfield code="d">1058-1111.</subfield>
    <subfield code="t">Minhāj al-ʻābidīn ilá jannat rabb al-ʻālamīn.</subfield>
  </datafield>
  <datafield tag="650" ind1=" " ind2="4">
    <subfield code="a">التصوف</subfield>
    <subfield code="v">اعمال قديمة حتى 1800.</subfield>
  </datafield>
  <datafield tag="650" ind1=" " ind2="0">
    <subfield code="a">Sufism</subfield>
    <subfield code="v">Early works to 1800.</subfield>
  </datafield>
  <datafield tag="700" ind1="0" ind2="2">
    <subfield code="6">880-06</subfield>
    <subfield code="a">Ghazzālī,</subfield>
    <subfield code="d">1058-1111.</subfield>
    <subfield code="t">Minhāj al-ʻābidīn ilá jannat rabb al-ʻālimīn.</subfield>
  </datafield>
  <datafield tag="787" ind1="0" ind2=" ">
    <subfield code="6">880-07</subfield>
    <subfield code="i">is commentary on (work)</subfield>
    <subfield code="4">http://rdaregistry.info/Elements/w/P10187:</subfield>
    <subfield code="a">Ghazzālī, 1058-1111.</subfield>
    <subfield code="t">Minhāj al-ʻābidīn ilá jannat rabb al-ʻālamīn.</subfield>
    <subfield code="d">Bayrūt : Mu’assasat al-Sayrawān, 1416 H, 1996 M.</subfield>
    <subfield code="w">(OCoLC)784497127</subfield>
    <subfield code="w">(OCoLC)784497127</subfield>
  </datafield>
  <datafield tag="852" ind1=" " ind2=" ">
    <subfield code="a">Jafet Library</subfield>
    <subfield code="e">American University of Beirut, Bliss Street , Beirut, Lebanon.</subfield>
  </datafield>
  <datafield tag="880" ind1="1" ind2=" ">
    <subfield code="6">100-01/(3/r</subfield>
    <subfield code="a">دحلان، إحسان محمد،</subfield>
    <subfield code="e">مؤلف. </subfield>
    <subfield code="4">aut.</subfield>
  </datafield>
  <datafield tag="880" ind1="1" ind2="0">
    <subfield code="6">245-02/(3/r</subfield>
    <subfield code="a">سراج الطالبين /</subfield>
    <subfield code="c">شرح الشيخ إحسان محمد دحلان الجمفسي الكديري على منهاج العابدين الى جنة رب العالمين، للإمام حجة الإسلام أبي حامد محمد بن محمد الغزالي، المتوفى سنة 505 هـ.</subfield>
  </datafield>
  <datafield tag="880" ind1=" " ind2=" ">
    <subfield code="6">250-03/(3/r</subfield>
    <subfield code="a">الطبعة الأولى.</subfield>
  </datafield>
  <datafield tag="880" ind1=" " ind2="1">
    <subfield code="6">264-04/(3/r</subfield>
    <subfield code="a">مصر :</subfield>
    <subfield code="b">شركة مكتبة ومطبعة مصطفى البابي الحلبي وأولاده،</subfield>
    <subfield code="c">1374-1375 هـ. = 1955-1956 م.</subfield>
  </datafield>
  <datafield tag="880" ind1=" " ind2=" ">
    <subfield code="6">300-05/(3/r</subfield>
    <subfield code="a">2 جزء ؛</subfield>
    <subfield code="c">24 سم</subfield>
  </datafield>
  <datafield tag="880" ind1="0" ind2="2">
    <subfield code="6">700-06/(3/r</subfield>
    <subfield code="a">الغزالي،</subfield>
    <subfield code="d">1058-1111.</subfield>
    <subfield code="t">منهاج العابدين الى جنة رب العالمين.</subfield>
  </datafield>
  <datafield tag="880" ind1="0" ind2=" ">
    <subfield code="6">787-07/(3/r</subfield>
    <subfield code="i">تعليق على (عمل)</subfield>
    <subfield code="4">http://rdaregistry.info/Elements/w/P10187:</subfield>
    <subfield code="a">الغزالي، 1058-1111.</subfield>
    <subfield code="t">منهاج العابدين الى جنة رب العالمين.</subfield>
    <subfield code="d">بيروت : مؤسسة السيروان، 1416 هـ، 1996 م.</subfield>
    <subfield code="w">b12740767</subfield>
    <subfield code="w">(OCoLC)784497127</subfield>
  </datafield>
  <datafield tag="907" ind1=" " ind2=" ">
    <subfield code="a">.b12373722</subfield>
    <subfield code="b">18-04-13</subfield>
    <subfield code="c">11-05-24</subfield>
  </datafield>
  <datafield tag="907" ind1=" " ind2=" ">
    <subfield code="a">.b12373722</subfield>
    <subfield code="b">11-10-11</subfield>
    <subfield code="c">11-05-24</subfield>
  </datafield>
  <datafield tag="945" ind1=" " ind2=" ">
    <subfield code="f">J</subfield>
    <subfield code="a">297.4:G411madA:v.1:c.1</subfield>
    <subfield code="g">1</subfield>
    <subfield code="i">01009651</subfield>
    <subfield code="j">.i12827563</subfield>
    <subfield code="l">u0503</subfield>
  </datafield>
  <datafield tag="945" ind1=" " ind2=" ">
    <subfield code="f">J</subfield>
    <subfield code="a">297.4:G411madA:v.2:c.1</subfield>
    <subfield code="g">1</subfield>
    <subfield code="i">00483419</subfield>
    <subfield code="j">.i12827575</subfield>
    <subfield code="l">u0503</subfield>
  </datafield>
  <datafield tag="998" ind1=" " ind2=" ">
    <subfield code="a">u05</subfield>
    <subfield code="b">97-03-02</subfield>
    <subfield code="c">m</subfield>
    <subfield code="d">a</subfield>
    <subfield code="e">-</subfield>
    <subfield code="f">ara</subfield>
    <subfield code="g">ua </subfield>
    <subfield code="h">0</subfield>
    <subfield code="i">2</subfield>
  </datafield>
</record>
</collection>
